@misc{rpisec,
    author = {Patrick Biernat and Jeremy Blackthorne and Alexei Bulazel and
              Branden Clark and Sophia D'Antoine and Markus Gaasedelen and
              Austin Ralls},
    title  = {Modern Binary Exploitation},
    year   = 2015,
    url    = {https://github.com/RPISEC/MBE},
    note   = {[Online; accessed 2015-12]}
}

@book{unix_interals,
    author    = {Vahalia, Uresh},
    title     = {UNIX Internals: The New Frontiers},
    year      = {1996},
    isbn      = {0-13-101908-2},
    publisher = {Prentice Hall Press},
    address   = {Upper Saddle River, NJ, USA},
}

@misc{format_string,
    title  = {Format string attacks},
    author = {Newsham, Tim},
    year   = {2000}
}

@book{art_of_exploitation,
    title     = {Hacking: the art of exploitation},
    author    = {Erickson, Jon},
    year      = {2008},
    publisher = {No Starch Press}
} 
